<?xml version="1.0" encoding="UTF-8"?>
<marc:collection xmlns:xsi="http://www.w3.org/2001/XMLSchema-instance"
    xmlns:marc="http://www.loc.gov/MARC21/slim"
    xmlns:mads="http://www.loc.gov/mads/v2"
    xmlns:etd="http://www.ndltd.org/standards/metadata/etdms/1.0/"
    xmlns:xlink="http://www.w3.org/1999/xlink"
    xmlns:mods="http://www.loc.gov/mods/v3"
    xmlns:dcterms="http://purl.org/dc/terms/"
    xmlns:oasis="http://www.niso.org/standards/z39-96/ns/oasis-exchange/table"
    xsi:schemaLocation="http://www.loc.gov/MARC21/slim http://www.loc.gov/standards/marcxml/schema/MARC21slim.xsd">
    <marc:record>
        <marc:leader>00956nam a2200253Mi 4500</marc:leader>
        <marc:controlfield tag="008"> s1855 xx 000 0 d</marc:controlfield>
        <marc:datafield tag="040" ind1=" " ind2=" ">
            <marc:subfield code="a">FDA</marc:subfield>
            <marc:subfield code="b">eng</marc:subfield>
            <marc:subfield code="c">FDA</marc:subfield>
        </marc:datafield>
        <marc:datafield tag="035" ind1=" " ind2=" ">
            <marc:subfield code="a">(FSUSCA)Horward_Row_2_Section_2_359</marc:subfield>
        </marc:datafield>
        <marc:datafield tag="035" ind1=" " ind2=" ">
            <marc:subfield code="a">(FSUSCA)Horward_Row_2_Section_2_360</marc:subfield>
        </marc:datafield>
        <marc:datafield tag="035" ind1=" " ind2=" ">
            <marc:subfield code="a">(FSUSCA)Horward_Row_2_Section_2_361</marc:subfield>
        </marc:datafield>
        <marc:datafield tag="035" ind1=" " ind2=" ">
            <marc:subfield code="a">(FSUSCA)Horward_Row_2_Section_2_362</marc:subfield>
        </marc:datafield>
        <marc:datafield tag="035" ind1=" " ind2=" ">
            <marc:subfield code="a">(FSUSCA)Horward_Row_2_Section_2_362</marc:subfield>
        </marc:datafield>
        <marc:datafield tag="049" ind1=" " ind2=" ">
            <marc:subfield code="l">Horward_Row_2_Section_2_359</marc:subfield>
        </marc:datafield>
        <marc:datafield tag="100" ind1="1" ind2=" ">
            <marc:subfield code="a">Abbott, John S. C.</marc:subfield>
        </marc:datafield>
        <marc:datafield tag="245" ind1="1" ind2="4">
            <marc:subfield code="a">The History of Napoleon Bonaparte /</marc:subfield>
            <marc:subfield code="c">John S. C. Abbott</marc:subfield>
        </marc:datafield>
        <marc:datafield tag="264" ind1=" " ind2="1">
            <marc:subfield code="a">[Place of publication not identified] :</marc:subfield>
            <marc:subfield code="b">Harper and Brothers Publishers,</marc:subfield>
            <marc:subfield code="c">1855</marc:subfield>
        </marc:datafield>
        <marc:datafield tag="300" ind1=" " ind2=" ">
            <marc:subfield code="a">volume</marc:subfield>
        </marc:datafield>
        <marc:datafield tag="336" ind1=" " ind2=" ">
            <marc:subfield code="a">text</marc:subfield>
            <marc:subfield code="b">txt</marc:subfield>
            <marc:subfield code="2">rdacontent</marc:subfield>
        </marc:datafield>
        <marc:datafield tag="337" ind1=" " ind2=" ">
            <marc:subfield code="a">unmediated</marc:subfield>
            <marc:subfield code="b">n</marc:subfield>
            <marc:subfield code="2">rdamedia</marc:subfield>
        </marc:datafield>
        <marc:datafield tag="338" ind1=" " ind2=" ">
            <marc:subfield code="a">volume</marc:subfield>
            <marc:subfield code="b">nc</marc:subfield>
            <marc:subfield code="2">rdacarrier</marc:subfield>
        </marc:datafield>
        <marc:datafield tag="932" ind1="2" ind2=" ">
            <marc:subfield code="a">Horward Collection</marc:subfield>
            <marc:subfield code="9">LOCAL</marc:subfield>
        </marc:datafield>
        <marc:datafield tag="936" ind1="1" ind2=" ">
            <marc:subfield code="a">Horward, Donald D.,</marc:subfield>
            <marc:subfield code="e">donor</marc:subfield>
            <marc:subfield code="9">LOCAL</marc:subfield>
        </marc:datafield>
        <marc:datafield tag="949" ind1=" " ind2=" ">
            <marc:subfield code="a">FTaSU</marc:subfield>
            <marc:subfield code="b">FSUSP</marc:subfield>
            <marc:subfield code="c">REVIEW</marc:subfield>
            <marc:subfield code="j">Vol. 1</marc:subfield>
            <marc:subfield code="k">1855</marc:subfield>
            <marc:subfield code="9">LOCAL</marc:subfield>
        </marc:datafield>
    </marc:record>
</marc:collection>
